@misc{ kotlin_docs,
    author = {Jetbrains},
    title = {{Kotlin Docs}},
    howpublished = {Website},
    url = {https://kotlinlang.org/docs/home.html},
}

@misc{ compose_docs,
    author = {Google Android},
    title = {{Jetpack Compose Docs}},
    howpublished = {Website},
    url = {https://developer.android.google.cn/develop/ui/compose/documentation?hl=zh-cn},
}